<?xml version="1.0" encoding="UTF-8"?><collection xmlns="http://www.loc.gov/MARC21/slim"><record><leader>00406nam--2200145-i-4500</leader><controlfield tag="001">000010437</controlfield><controlfield tag="002">20161230</controlfield><controlfield tag="005">20170222161948</controlfield><controlfield tag="008">060222s1000------------r-----000-0-eng-d</controlfield><datafield ind1=" " ind2=" " tag="100"><subfield code="a">Cucu, V. D</subfield></datafield><datafield ind1=" " ind2=" " tag="245"><subfield code="a">Merceologia produselor de import-export</subfield></datafield><datafield ind1=" " ind2=" " tag="260"><subfield code="a">Bucuresti</subfield><subfield code="b">Centr.De Doc.Si Publ.Tehnice Al Min.Ind.Usoare</subfield><subfield code="c">1970</subfield></datafield><datafield ind1=" " ind2=" " tag="300"><subfield code="a">397 p</subfield></datafield><datafield ind1=" " ind2=" " tag="700"><subfield code="a">Ionescu-Muscel, I</subfield></datafield><datafield ind1=" " ind2=" " tag="CAT"><subfield code="a">SYS</subfield><subfield code="c">20170222</subfield><subfield code="h">161948</subfield></datafield></record></collection>